@misc {GuiaProfesor,
    author = "Augusto Salazar",
    title  = "Taller-Nociones de la memoria del computador",
    year   = "2020",
    url    = "http://www.youbioit.com/es/article/shared-information/8714/como-funciona-la-
memoria-de-una-computadora"
}
